@misc{Lecture_Slides,
  author = {Chebrolu, Kameswari},
  title = {C{S} 104 {C}ourse {S}lides - {P}ython, {M}atplotlib},
  year = {2023}
}

@misc{basic_idea,
  title = {Python {P}rogram to {R}ecursively {S}crape all the {URL}s of the {W}ebsite},
  howpublished = {\url{https://www.geeksforgeeks.org/python-program-to-recursively-scrape-all-the-urls-of-the-website/}}
}

@misc{command_line_arguments,
  title = {Command {L}ine {A}rguments in {P}ython},
  howpublished = {\url{https://www.geeksforgeeks.org/command-line-arguments-in-python/}}
}
